<record><leader>00000cas a22000007a 4500</leader><controlfield tag="001">14872434</controlfield><controlfield tag="008">861125d1855185uinuwr ne      0    0eng d</controlfield><datafield ind1=" " ind2=" " tag="010"><subfield code="a">sn 86058983 </subfield></datafield><datafield ind1=" " ind2=" " tag="040"><subfield code="a">NPI</subfield><subfield code="b">eng</subfield><subfield code="c">NPI</subfield><subfield code="d">OCLCQ</subfield></datafield><datafield ind1=" " ind2=" " tag="042"><subfield code="a">msc</subfield></datafield><datafield ind1="0" ind2="0" tag="245"><subfield code="a">Tippecanoe American.</subfield></datafield><datafield ind1=" " ind2=" " tag="260"><subfield code="a">Lafayette, Ind. :</subfield><subfield code="b">[McCollum &amp; Williams]</subfield></datafield><datafield ind1=" " ind2=" " tag="310"><subfield code="a">Weekly</subfield></datafield><datafield ind1="1" ind2=" " tag="362"><subfield code="a">Began in Nov. 1855.</subfield></datafield><datafield ind1=" " ind2=" " tag="580"><subfield code="a">Also published as daily editions called: Lafayette American and: The La Fayette daily American.</subfield></datafield><datafield ind1=" " ind2=" " tag="588"><subfield code="a">Description based on: Vol. 1, no. 19 (Feb. 28, 1856).</subfield></datafield><datafield ind1=" " ind2=" " tag="752"><subfield code="a">United States</subfield><subfield code="b">Indiana</subfield><subfield code="c">Tippecanoe</subfield><subfield code="d">Lafayette.</subfield></datafield><datafield ind1="1" ind2=" " tag="775"><subfield code="t">Lafayette American</subfield><subfield code="w">(DLC)sn 84023980</subfield><subfield code="w">(OCoLC)11105492</subfield></datafield><datafield ind1="1" ind2=" " tag="775"><subfield code="t">Fayette daily American</subfield><subfield code="w">(DLC)sn 86059079</subfield></datafield></record>